<?xml version="1.0" encoding="UTF-8"?><record xmlns="http://www.loc.gov/MARC21/slim" xmlns:cinclude="http://apache.org/cocoon/include/1.0" xmlns:zs="http://www.loc.gov/zing/srw/">
  <leader>00637cz  a2200145n  4500</leader>
  <controlfield tag="001">no2010156693</controlfield>
  <controlfield tag="003">DLC</controlfield>
  <controlfield tag="005">20151117073926.0</controlfield>
  <controlfield tag="008">100927n| acannaabn          |a aaa     c</controlfield>
  <datafield tag="010" ind1=" " ind2=" ">
    <subfield code="a">no2010156693</subfield>
  </datafield>
  <datafield tag="035" ind1=" " ind2=" ">
    <subfield code="a">(OCoLC)oca08637597</subfield>
  </datafield>
  <datafield tag="040" ind1=" " ind2=" ">
    <subfield code="a">NmLcU</subfield>
    <subfield code="b">eng</subfield>
    <subfield code="c">NmLcU</subfield>
    <subfield code="d">NmLcU</subfield>
  </datafield>
  <datafield tag="100" ind1="1" ind2=" ">
    <subfield code="a">Marti휍혖nez-Pe휍혖rez, Maria F.,</subfield>
    <subfield code="d">1986-</subfield>
  </datafield>
  <datafield tag="400" ind1="1" ind2=" ">
    <subfield code="a">Perez, Maria F. Martinez-,</subfield>
    <subfield code="d">1986-</subfield>
  </datafield>
  <datafield tag="670" ind1=" " ind2=" ">
    <subfield code="a">Effect of supplemental corn dry distiller grains plus solubles on performance and characteristics of digestion of steers grazing native range during forage growing season, 2010</subfield>
    <subfield code="b">t.p. (Maria F. Martinez-Perez); p. vi (b. Oct. 1, 1986, Chihuahua, Chihuahua, Mexico)</subfield>
  </datafield>
</record>